@misc {qs,
 title = {{QSopt-ex} {2.6} --- {A} computer algebra system for polynomial computations},
 author = { David Applegate, and William Cook, and Sanjeeb Dash, and Daniel Espinoza},
 year = {2009},
 url = {http://www.math.uwaterloo.ca/~bico/qsopt/ex/index.html},
}

@misc {qsjon,
 title = {{QSopt-ex} {2.5.10 patch 3} - A fork adding improvements to the build system, library and a Python interface},
 author = {Jon Lund Steffensen},
 year = {2015},
 url = {https://github.com/jonls/qsopt-ex},
}

@misc{Granlund12,
title = 	 {{GNU MP}: {T}he {GNU} {M}ultiple {P}recision {A}rithmetic {L}ibrary {6.0.0}},
  author = {Torb\"orn Granlund and the GMP development team},
  year = 	 {2015},
  url  = {http://gmplib.org/},
}
